<record><leader>00000cas a22000007a 4500</leader><controlfield tag="001">24062038</controlfield><controlfield tag="008">910712d18941912maudn ne      0    0eng d</controlfield><datafield ind1=" " ind2=" " tag="010"><subfield code="a">sn 91057122 </subfield></datafield><datafield ind1=" " ind2=" " tag="040"><subfield code="a">MGN</subfield><subfield code="b">eng</subfield><subfield code="c">MGN</subfield><subfield code="d">OCLCQ</subfield></datafield><datafield ind1=" " ind2=" " tag="042"><subfield code="a">msc</subfield></datafield><datafield ind1="0" ind2=" " tag="130"><subfield code="a">Boston traveler (Boston, Mass. : 1894)</subfield></datafield><datafield ind1="1" ind2="4" tag="245"><subfield code="a">The Boston traveler.</subfield></datafield><datafield ind1=" " ind2=" " tag="260"><subfield code="a">Boston, Mass. :</subfield><subfield code="b">[s.n.]</subfield></datafield><datafield ind1=" " ind2=" " tag="300"><subfield code="a">v.</subfield></datafield><datafield ind1=" " ind2=" " tag="310"><subfield code="a">Daily (except Sun. and holidays)</subfield></datafield><datafield ind1="0" ind2=" " tag="362"><subfield code="a">No. 16,754 (Dec. 19, 1894)- ; -88th year (June 29, 1912).</subfield></datafield><datafield ind1=" " ind2=" " tag="752"><subfield code="a">United States</subfield><subfield code="b">Massachusetts</subfield><subfield code="c">Suffolk</subfield><subfield code="d">Boston.</subfield></datafield><datafield ind1="0" ind2="0" tag="780"><subfield code="t">Boston daily traveller (Boston, Mass. : 1889)</subfield><subfield code="w">(DLC)sn 86071162</subfield></datafield><datafield ind1="0" ind2="7" tag="785"><subfield code="t">Boston evening herald</subfield></datafield><datafield ind1="0" ind2="7" tag="785"><subfield code="t">Boston traveler and evening herald</subfield><subfield code="w">(DLC)sn 85038271</subfield></datafield></record>